<?xml version="1.0" encoding="UTF-8" ?><marc:collection xmlns:marc="http://www.loc.gov/MARC21/slim" xmlns:xsi="http://www.w3.org/2001/XMLSchema-instance" xsi:schemaLocation="http://www.loc.gov/MARC21/slim http://www.loc.gov/standards/marcxml/schema/MARC21slim.xsd">
<marc:record><marc:leader>02358cam a2200457Ii 4500</marc:leader>
<marc:controlfield tag="001">b12188906</marc:controlfield>
<marc:controlfield tag="003">UaCaAUL</marc:controlfield><marc:controlfield tag="005">20190506115256.0</marc:controlfield><marc:controlfield tag="008">950531s1914    ua            000 0 arao </marc:controlfield><marc:datafield tag="010" ind1=" " ind2=" "><marc:subfield code="a">78255803</marc:subfield></marc:datafield><marc:datafield tag="035" ind1=" " ind2=" "><marc:subfield code="a">(OCoLC)32577276</marc:subfield></marc:datafield><marc:datafield tag="040" ind1=" " ind2=" "><marc:subfield code="a">DLC</marc:subfield><marc:subfield code="b">eng</marc:subfield><marc:subfield code="e">rda</marc:subfield><marc:subfield code="c">CUY</marc:subfield><marc:subfield code="d">CUY</marc:subfield><marc:subfield code="d">CGU</marc:subfield><marc:subfield code="d">OCLCQ</marc:subfield><marc:subfield code="d">OCLCG</marc:subfield><marc:subfield code="d">LGG</marc:subfield><marc:subfield code="d">OCLCA</marc:subfield><marc:subfield code="d">OCLCQ</marc:subfield><marc:subfield code="d">OCLCO</marc:subfield><marc:subfield code="d">OCLCF</marc:subfield><marc:subfield code="d">OCLCO</marc:subfield><marc:subfield code="d">MEAUC</marc:subfield></marc:datafield><marc:datafield tag="049" ind1=" " ind2=" "><marc:subfield code="a">MAIN</marc:subfield></marc:datafield><marc:datafield tag="050" ind1="0" ind2="4"><marc:subfield code="a">PJ6696.M78</marc:subfield><marc:subfield code="b">T53 1914</marc:subfield></marc:datafield><marc:datafield tag="066" ind1=" " ind2=" "><marc:subfield code="c">(3</marc:subfield></marc:datafield><marc:datafield tag="090" ind1=" " ind2=" "><marc:subfield code="a">PJ6696.M78</marc:subfield><marc:subfield code="b">T53 1914</marc:subfield></marc:datafield><marc:datafield tag="100" ind1="1" ind2=" "><marc:subfield code="6">880-01</marc:subfield><marc:subfield code="a">Muʼayyad, Yaḥyá ibn Ḥamzah,</marc:subfield><marc:subfield code="d">1270 or 1271-approximately 1348.</marc:subfield></marc:datafield><marc:datafield tag="240" ind1="1" ind2="0"><marc:subfield code="6">880-02</marc:subfield><marc:subfield code="a">Ṭirāz.</marc:subfield></marc:datafield><marc:datafield tag="245" ind1="1" ind2="0"><marc:subfield code="6">880-03</marc:subfield><marc:subfield code="a">Kitāb al-ṭirāz al-mutaḍammin li-asrār al-balāghah wa-ʻulūm ḥaqāʼiq al-iʻjāz /</marc:subfield><marc:subfield code="c">taʼlīf al-sayyid al-imām imām al-aʼimmah al-kirām amīr al-muʼminīn Yaḥyá ibn Ḥamzah ibn ʻAlī ibn Ibrāhīm al-ʻAlawī al-Yamanī.</marc:subfield></marc:datafield><marc:datafield tag="246" ind1="3" ind2=" "><marc:subfield code="6">880-04</marc:subfield><marc:subfield code="a">Ṭirāz.</marc:subfield></marc:datafield><marc:datafield tag="264" ind1=" " ind2="1"><marc:subfield code="6">880-05</marc:subfield><marc:subfield code="a">Miṣr :</marc:subfield><marc:subfield code="b">Dār al-Kutub al-Khidaywīyah,</marc:subfield><marc:subfield code="c">1332 H, 1914 M.</marc:subfield></marc:datafield><marc:datafield tag="264" ind1=" " ind2="3"><marc:subfield code="6">880-06</marc:subfield><marc:subfield code="a">Miṣr :</marc:subfield><marc:subfield code="b">ṭubiʻ bi-Maṭbaʻat al-Muqtaṭaf bi-Miṣr,</marc:subfield><marc:subfield code="c">1332 H, 1914 M.</marc:subfield></marc:datafield><marc:datafield tag="300" ind1=" " ind2=" "><marc:subfield code="a">3 volumes ;</marc:subfield><marc:subfield code="c">25 cm.</marc:subfield></marc:datafield><marc:datafield tag="336" ind1=" " ind2=" "><marc:subfield code="a">text</marc:subfield><marc:subfield code="b">txt</marc:subfield><marc:subfield code="2">rdacontent.</marc:subfield></marc:datafield><marc:datafield tag="337" ind1=" " ind2=" "><marc:subfield code="a">unmediated</marc:subfield><marc:subfield code="b">n</marc:subfield><marc:subfield code="2">rdamedia.</marc:subfield></marc:datafield><marc:datafield tag="338" ind1=" " ind2=" "><marc:subfield code="a">volume</marc:subfield><marc:subfield code="b">nc</marc:subfield><marc:subfield code="2">rdacarrier.</marc:subfield></marc:datafield><marc:datafield tag="500" ind1=" " ind2=" "><marc:subfield code="a">Includes errata pages.</marc:subfield></marc:datafield><marc:datafield tag="541" ind1=" " ind2=" "><marc:subfield code="a">One copy is from the personal library collection of Mahmoud Saba.</marc:subfield></marc:datafield><marc:datafield tag="630" ind1="0" ind2="0"><marc:subfield code="a">Qurʼan</marc:subfield><marc:subfield code="x">Language, style.</marc:subfield></marc:datafield><marc:datafield tag="650" ind1=" " ind2="0"><marc:subfield code="a">Arabic language</marc:subfield><marc:subfield code="x">Rhetoric.</marc:subfield></marc:datafield><marc:datafield tag="700" ind1="1" ind2="2"><marc:subfield code="a">Saba, Mahmoud,</marc:subfield><marc:subfield code="d">1886-1976.</marc:subfield><marc:subfield code="t">Saba Personal Library Collection.</marc:subfield></marc:datafield><marc:datafield tag="880" ind1="1" ind2="0"><marc:subfield code="6">240-02/(3/r</marc:subfield><marc:subfield code="a">طراز.</marc:subfield></marc:datafield><marc:datafield tag="880" ind1="1" ind2=" "><marc:subfield code="6">100-01/(3/r</marc:subfield><marc:subfield code="a">مؤيد، يحيى بن حمزة،‪</marc:subfield><marc:subfield code="d">1270 أو 1271-approximately 1348.</marc:subfield></marc:datafield><marc:datafield tag="880" ind1="1" ind2="0"><marc:subfield code="6">245-03/(3/r</marc:subfield><marc:subfield code="a">كتاب الطراز المتضمن لأسرار البلاغة وعلوم حقائق الاعجاز /‪</marc:subfield><marc:subfield code="c">تأليف السيد الامام امام الائمة الكرام امير المؤمنين يحيى بن حمزة بن علي بن ابراهيم العلوي اليمني..</marc:subfield></marc:datafield><marc:datafield tag="880" ind1="3" ind2=" "><marc:subfield code="6">246-04/(3/r</marc:subfield><marc:subfield code="a">طراز.</marc:subfield></marc:datafield><marc:datafield tag="880" ind1=" " ind2="1"><marc:subfield code="6">264-05/(3/r</marc:subfield><marc:subfield code="a">مصر :‪</marc:subfield><marc:subfield code="b">دار الكتب الخديوية،‪</marc:subfield><marc:subfield code="c">1332 ه، 1914 م..</marc:subfield></marc:datafield><marc:datafield tag="880" ind1=" " ind2="3"><marc:subfield code="6">264-06/(3/r</marc:subfield><marc:subfield code="a">مصر :‪</marc:subfield><marc:subfield code="b">طبع بمطبعة المقتطف بمصر،‪</marc:subfield><marc:subfield code="c">1332 ه، 1914 م..</marc:subfield></marc:datafield><marc:datafield tag="907" ind1=" " ind2=" "><marc:subfield code="a">.b12188906</marc:subfield><marc:subfield code="b">multi</marc:subfield></marc:datafield><marc:datafield tag="902" ind1=" " ind2=" "><marc:subfield code="a">190507</marc:subfield></marc:datafield><marc:datafield tag="998" ind1=" " ind2=" "><marc:subfield code="b">9</marc:subfield><marc:subfield code="c">990207</marc:subfield><marc:subfield code="d">m</marc:subfield><marc:subfield code="e">~</marc:subfield><marc:subfield code="f">-</marc:subfield><marc:subfield code="g">0</marc:subfield><marc:subfield code="k">TA</marc:subfield></marc:datafield><marc:datafield tag="945" ind1=" " ind2=" "><marc:subfield code="l">main </marc:subfield><marc:subfield code="u">v.v.1</marc:subfield></marc:datafield></marc:record>
</marc:collection>
